<?xml version="1.0" encoding="UTF-8"?><collection xmlns="http://www.loc.gov/MARC21/slim"><record><leader>00733nam--2200181-i-4500</leader><controlfield tag="001">000044300</controlfield><controlfield tag="002">20161230</controlfield><controlfield tag="005">20161230201044</controlfield><controlfield tag="008">060222s1000------------r-----000-0-eng-d</controlfield><datafield ind1=" " ind2=" " tag="040"><subfield code="a">IFIN-HH</subfield></datafield><datafield ind1=" " ind2=" " tag="080"><subfield code="a">539.17:539.141(061.3)</subfield></datafield><datafield ind1="1" ind2=" " tag="110"><subfield code="a">International Atomic Energy Agency</subfield></datafield><datafield ind1="1" ind2="0" tag="245"><subfield code="a">Theory of nuclear structure: trieste lectures 1969</subfield><subfield code="b">Lectures presented at an international course on nuclear theory at trieste from 7 january to 31 march 1969, organized by the international centre for theoretical physics, trieste</subfield></datafield><datafield ind1=" " ind2=" " tag="260"><subfield code="a">Vienna</subfield><subfield code="b">International Atomic Energy Agency</subfield><subfield code="c">1970</subfield></datafield><datafield ind1=" " ind2=" " tag="300"><subfield code="a">961P</subfield></datafield><datafield ind1=" " ind2=" " tag="490"><subfield code="a">International Centre For Theoretical Physics, Trieste</subfield></datafield><datafield ind1=" " ind2=" " tag="852"><subfield code="a">33001</subfield><subfield code="c">539.17</subfield></datafield><datafield ind1=" " ind2=" " tag="CAT"><subfield code="a">Sys</subfield><subfield code="c">20120606</subfield><subfield code="h">171537</subfield></datafield></record></collection>